@inproceedings{ hashpipe,
    title = "Heavy-Hitter Detection Entirely in the Data Plane",
    author = "Sivaraman, V., Narayana, S., Rottenstreich, O., Muthukrishnan, S., and Rexford, J.",
    booktitle = "Proceedings of ACM Symposium on SDN Research 2017",
    address = "Santa Clara, CA",
    month = Apr,
    year = 2017
}

@inproceedings{ rap,
    title = "Randomized Admission Policy for Efficient Top-k and Frequency Estimation",
    author = "Ben Basat, R., Einziger, G., Friedman, R., Kassner, Y.",
    booktitle = "IEEE INFOCOM 2017 Conference on Computer Communications",
    address = "Atlanta, GA",
    month = Ma7,
    year = 2017
}

@article{samplehold,
  author  = {Cristian Estan and George Varghese}, 
  title   = {New Directions in Traffic Measurement and Accounting: Focusing on the Elephants, Ignoring the Mice},
  journal = {ACM Transactions on Computer Systems},
  year    = 2003,
  number  = 3,
  pages   = {270-313},
  month   = 8,
  volume  = 21
}

@article{countmin,
  author  = {Graham Cormode and S. Muthukrishnan}, 
  title   = {An improved data stream summary: the count-min sketch and its applications},
  journal = {Journal of Algorithms},
  year    = 2003,
  number  = 1,
  pages   = {58-75},
  month   = 4,
  volume  = 55
}

@article{spacesaving,
  author  = {Metwally, A., Agrawal, D., and El Abbadi, A.}, 
  title   = {Efficient computation of frequent and top-k elements in data streams},
  journal = {International Conference on Database Theory},
  year    = 2005,
  number  = 1,
  pages   = {},
  month   = 1,
  volume  = 3363
}

@misc{netflow,
  author = {Cisco Netflow},
  title = {Netflow},
  howpublished = {https://www.cisco.com/c/en/us/products/ios-nx-os-software/ios-netflow/index.html}
}

